<record><leader>00000cas a22000007a 4500</leader><controlfield tag="001">17825017</controlfield><controlfield tag="008">880420d19651970iauwr ne      0    0eng d</controlfield><datafield ind1=" " ind2=" " tag="010"><subfield code="a">sn 88059736 </subfield></datafield><datafield ind1=" " ind2=" " tag="040"><subfield code="a">INP</subfield><subfield code="b">eng</subfield><subfield code="c">INP</subfield><subfield code="d">OCLCQ</subfield></datafield><datafield ind1=" " ind2=" " tag="042"><subfield code="a">msc</subfield></datafield><datafield ind1="0" ind2=" " tag="130"><subfield code="a">Fayette County leader (Fayette, Iowa : 1965)</subfield></datafield><datafield ind1="1" ind2="0" tag="245"><subfield code="a">Fayette County leader.</subfield></datafield><datafield ind1=" " ind2=" " tag="260"><subfield code="a">Fayette, Iowa :</subfield><subfield code="b">M. Stoneman,</subfield><subfield code="c">1965-1970.</subfield></datafield><datafield ind1=" " ind2=" " tag="300"><subfield code="a">6 v.</subfield></datafield><datafield ind1=" " ind2=" " tag="310"><subfield code="a">Weekly</subfield></datafield><datafield ind1="0" ind2=" " tag="362"><subfield code="a">Vol. 51, no. 14 (Apr. 8, 1965)-v. 56, no. 26 (June 25, 1970).</subfield></datafield><datafield ind1=" " ind2=" " tag="500"><subfield code="a">Publisher varies.</subfield></datafield><datafield ind1=" " ind2=" " tag="752"><subfield code="a">United States</subfield><subfield code="b">Iowa</subfield><subfield code="c">Fayette</subfield><subfield code="d">Fayette.</subfield></datafield><datafield ind1="0" ind2="0" tag="780"><subfield code="t">Fayette leader (Fayette, Iowa : 1960)</subfield><subfield code="w">(DLC)sn 88059425</subfield></datafield><datafield ind1="0" ind2="0" tag="785"><subfield code="t">Fayette leader (Fayette, Iowa : 1970)</subfield><subfield code="w">(DLC)sn 88059737</subfield></datafield></record>